@article{det-Wdisc_UA1,
      author         = "Arnison, G. and others",
      title          = "{Experimental Observation of Isolated Large Transverse
                        Energy Electrons with Associated Missing Energy at
                        $s^{1/2}$ = 540 GeV}",
      booktitle      = "{Proceedings, 18th Rencontres de Moriond on Gluons and
                        Heavy Flavours: La Plagne, France, January 23-29, 1983}",
      collaboration  = "UA1",
      journal        = "Phys. Lett.",
      volume         = "122B",
      year           = "1983",
      pages          = "103-116",
      doi            = "10.1016/0370-2693(83)91177-2",
      note           = "[,611(1983)]",
      reportNumber   = "CERN-EP-83-13",
      SLACcitation   = "%%CITATION = PHLTA,122B,103;%%"
}

@article{det-Zdisc_UA1,
      author         = "Arnison, G. and others",
      title          = "{Experimental Observation of Lepton Pairs of Invariant
                        Mass Around 95-GeV/$c^{2}$ at the CERN SPS Collider}",
      booktitle      = "{In *Ithaca 1983, Proceedings, Lepton and Photon
                        Interactions At High Energies*, 27-52, IN *BOLOGNA 1984,
                        PROCEEDINGS, FIFTY YEARS OF WEAK-INTERACTION PHYSICS*
                        779-791. PHYS. LETT. B126 (1983) 398-410) AND CERN GENEVA
                        - CERN-EP 83-073 (83,REC.JUN.) 32 P. (SEE CONFERENCE
                        INDEX), In *Cline, D.B. (ed.): Weak neutral currents*
                        7.55-7.67}",
      collaboration  = "UA1",
      journal        = "Phys. Lett.",
      volume         = "126B",
      year           = "1983",
      pages          = "398-410",
      doi            = "10.1016/0370-2693(83)90188-0",
      reportNumber   = "CERN-EP-83-73",
      SLACcitation   = "%%CITATION = PHLTA,126B,398;%%"
}

@article{det-Wdisc_UA2,
      author         = "Banner, M. and others",
      title          = "{Observation of Single Isolated Electrons of High
                        Transverse Momentum in Events with Missing Transverse
                        Energy at the CERN anti-p p Collider}",
      collaboration  = "UA2",
      journal        = "Phys. Lett.",
      volume         = "122B",
      year           = "1983",
      pages          = "476-485",
      doi            = "10.1016/0370-2693(83)91605-2",
      reportNumber   = "CERN-EP-83-25",
      SLACcitation   = "%%CITATION = PHLTA,122B,476;%%"
}

@article{det-Zdisc_UA2,
      author         = "Bagnaia, P. and others",
      title          = "{Evidence for $Z_0 \to e^{+} e^{-}$ at the CERN anti-p p
                        Collider}",
      collaboration  = "UA2",
      journal        = "Phys. Lett.",
      volume         = "129B",
      year           = "1983",
      pages          = "130-140",
      doi            = "10.1016/0370-2693(83)90744-X",
      reportNumber   = "CERN-EP-83-112",
      SLACcitation   = "%%CITATION = PHLTA,129B,130;%%"
}

@article{det-tdisc_CDF,
      title          = "{Observation of top quark production in $\bar{p}p$
                        collisions}",
      collaboration  = "CDF",
      journal        = "Phys. Rev. Lett.",
      volume         = "74",
      year           = "1995",
      pages          = "2626-2631",
      doi            = "10.1103/PhysRevLett.74.2626",
      eprint         = "hep-ex/9503002",
      archivePrefix  = "arXiv",
      primaryClass   = "hep-ex",
      reportNumber   = "FERMILAB-PUB-95-022-E, CDF-PUB-TOP-PUBLIC-3040,
                        ANL-HEP-PR-95-44",
      SLACcitation   = "%%CITATION = HEP-EX/9503002;%%"
}

@article{det-tdisc_D0,
      author         = "Abachi, S. and others",
      title          = "{Observation of the top quark}",
      collaboration  = "D0",
      journal        = "Phys. Rev. Lett.",
      volume         = "74",
      year           = "1995",
      pages          = "2632-2637",
      doi            = "10.1103/PhysRevLett.74.2632",
      eprint         = "hep-ex/9503003",
      archivePrefix  = "arXiv",
      primaryClass   = "hep-ex",
      reportNumber   = "FERMILAB-PUB-95-028-E, D0-2698, D0-PUB-95-7",
      SLACcitation   = "%%CITATION = HEP-EX/9503003;%%"
}

@misc{det-ATLAS_lumi_twiki,
  collaboration = "ATLAS",
  title = {Luminosity Public Results Run-2},
  howpublished = {ATLAS Public Website},
  url = {https://twiki.cern.ch/twiki/bin/view/AtlasPublic/LuminosityPublicResultsRun2},
}

@article{det-pileup,
      author         = "Marshall, Zachary",
      title          = "{Simulation of Pile-up in the ATLAS Experiment}",
      booktitle      = "{Proceedings, 20th International Conference on Computing
                        in High Energy and Nuclear Physics (CHEP 2013): Amsterdam,
                        The Netherlands, October 14-18, 2013}",
      collaboration  = "ATLAS",
      journal        = "J. Phys. Conf. Ser.",
      volume         = "513",
      year           = "2014",
      pages          = "022024",
      doi            = "10.1088/1742-6596/513/2/022024",
      SLACcitation   = "%%CITATION = 00462,513,022024;%%"
}

@article{det-ATLAS_Exp,
      author         = "Aad, G. and others",
      title          = "{The ATLAS Experiment at the CERN Large Hadron Collider}",
      collaboration  = "ATLAS",
      journal        = "JINST",
      volume         = "3",
      year           = "2008",
      pages          = "S08003",
      doi            = "10.1088/1748-0221/3/08/S08003",
      SLACcitation   = "%%CITATION = JINST,3,S08003;%%"
}

@book{det-ATLAS_TDR,
      title         = "{ATLAS detector and physics performance: Technical Design
                       Report, 1}",
      publisher     = "CERN",
      collaboration = "ATLAS",
      address       = "Geneva",
      series        = "Technical Design Report ATLAS",
      year          = "1999",
      url           = "https://cds.cern.ch/record/391176",
}

@article{det-ATLAS_Perf,
      title          = "{Performance of the ATLAS Detector using First Collision Data}",
      collaboration  = "ATLAS",
      journal        = "JHEP",
      volume         = "09",
      year           = "2010",
      pages          = "056",
      doi            = "10.1007/JHEP09(2010)056",
      eprint         = "1005.5254",
      archivePrefix  = "arXiv",
      primaryClass   = "hep-ex",
      SLACcitation   = "%%CITATION = ARXIV:1005.5254;%%"
}

@techreport{det-ID_table,
      author        = "Ripellino, Giulia",
      title         = "{The alignment of the ATLAS Inner Detector in Run 2}",
      institution   = "CERN",
      collaboration = "ATLAS",
      address       = "Geneva",
      number        = "ATL-INDET-PROC-2016-003",
      month         = "Sep",
      year          = "2016",
      reportNumber  = "ATL-INDET-PROC-2016-003",
      url           = "https://cds.cern.ch/record/2213441",
}

@techreport{det-IBL_TDR,
      author        = "Capeans, M and others",
      title         = "{ATLAS Insertable B-Layer Technical Design Report}",
      collaboration = "ATLAS",
      number        = "CERN-LHCC-2010-013. ATLAS-TDR-19",
      month         = "Sep",
      year          = "2010",
      reportNumber  = "CERN-LHCC-2010-013",
      url           = "https://cds.cern.ch/record/1291633",
}

@techreport{det-IBL_Talk,
      author        = "Gemme, C",
      title         = "{The ATLAS insertable B-Layer (IBL) project}",
      institution   = "CERN",
      address       = "Geneva",
      number        = "ATL-INDET-PROC-2011-018",
      month         = "Sep",
      year          = "2011",
      reportNumber  = "ATL-INDET-PROC-2011-018",
      url           = "https://cds.cern.ch/record/1386317",
}

@book{det-nuclearInt_book,
  TITLE = {Principles of Radiation Interaction in Matter and Detection},
  AUTHOR = {Leroy, Claude and Rancoita, Pier Giorgio },
  YEAR = {2016},
  PUBLISHER = {World Scientific},
}


@phdthesis{det-magnet_fig,
      author        = "Goodson, Jeremiah Jet and McCarthy, Robert",
      title         = "{Search for Supersymmetry in States with Large Missing
                       Transverse Momentum and Three Leptons including a Z-Boson}",
      month         = "May",
      year          = "2012",
      reportNumber  = "CERN-THESIS-2012-053",
      url           = "https://cds.cern.ch/record/1449722",
      note          = "Presented 17 Apr 2012",
}

@book{det-magnet_TDR},
      title         = "{ATLAS magnet system: Technical Design Report, 1}",
      publisher     = "CERN",
      collaboration = "ATLAS",
      address       = "Geneva",
      series        = "Technical Design Report ATLAS",
      year          = "1997",
      url           = "https://cds.cern.ch/record/338080",
}


@article{det-comp_calo,
      author         = "Livan, Michele and Wigmans, Richard",
      title          = "{Misconceptions about Calorimetry}",
      journal        = "Instruments",
      volume         = "1",
      year           = "2017",
      number         = "1",
      pages          = "3",
      doi            = "10.3390/instruments1010003",
      eprint         = "1704.00661",
      archivePrefix  = "arXiv",
      primaryClass   = "physics.ins-det",
      SLACcitation   = "%%CITATION = ARXIV:1704.00661;%%"
}

@phdthesis{det-thesis_lene,
      author        = "Bryngemark, Lene",
      title         = "{Search for new phenomena in dijet angular distributions
                       at $\sqrt{s}$ = 8 and 13 TeV}",
      month         = "Feb",
      year          = "2016",
      reportNumber  = "CERN-THESIS-2016-007",
      url           = "https://cds.cern.ch/record/2131851",
      note          = "Presented 18 Mar 2016",
}

@phdthesis{det-thesis_kate,
      author        = "Pachal, Katherine",
      title         = "{Search for new physics in the dijet invariant mass
                       spectrum at 8 TeV}",
      month         = "Jan",
      year          = "2015",
      reportNumber  = "CERN-THESIS-2015-179",
      url           = "http://cds.cern.ch/record/2063032",
      note          = "Presented 01 Jun 2015",
}

@phdthesis{det-thesis_gutchow,
  author = "Gutschow, C",
  title  = "First observation of electroweak Z boson plus two jet production",
  school = "University College London",
  month  = "October",
  year   = "2014",
  url    = "https://www.hep.ucl.ac.uk/theses/ChristianGutschow.pdf",
}

@techreport{det-ID_TR,
      author = "ATLAS Collaboration",
      title         = "{Particle Identification Performance of the ATLAS
                       Transition Radiation Tracker}",
      institution   = "CERN",
      collaboration = "ATLAS Collaboration",
      address       = "Geneva",
      number        = "ATLAS-CONF-2011-128",
      month         = "Sep",
      year          = "2011",
      reportNumber  = "ATLAS-CONF-2011-128",
      url           = "https://cds.cern.ch/record/1383793",
}

@article{det-ID_xe,
      author         = "Mindur, B. and others",
      title          = "{Gas gain stabilisation in the ATLAS TRT detector}",
      journal        = "JINST",
      volume         = "11",
      year           = "2016",
      number         = "04",
      pages          = "P04027",
      doi            = "10.1088/1748-0221/11/04/P04027",
      SLACcitation   = "%%CITATION = JINST,11,P04027;%%"
}	
