@article{dibjet-pythia8,
      author         = "Sjostrand, Torbjorn and Mrenna, Stephen and Skands, Peter Z.",
      title          = "{A Brief Introduction to PYTHIA 8.1}",
      journal        = "Comput. Phys. Commun.",
      volume         = "178",
      pages          = "852",
      doi            = "10.1016/j.cpc.2008.01.036",
      year           = "2008",
      eprint         = "0710.3820",
      archivePrefix  = "arXiv",
      primaryClass   = "hep-ph",
      reportNumber   = "CERN-LCGAPP-2007-04, LU-TP-07-28,
                        FERMILAB-PUB-07-512-CD-T",
      SLACcitation   = "%%CITATION = ARXIV:0710.3820;%%",
}

@techreport{dibjet-a14,
      title         = "{ATLAS Run 1 Pythia8 tunes}",
      institution   = "CERN",
      address       = "Geneva",
      number        = "ATL-PHYS-PUB-2014-021",
      month         = "Nov",
      year          = "2014",
      reportNumber  = "ATL-PHYS-PUB-2014-021",
      url           = "https://cds.cern.ch/record/1966419",
}

@article{dibjet-nnpdf,
      author         = "Ball, Richard D. and others",
      title          = "{Parton distributions with LHC data}",
      journal        = "Nucl. Phys.",
      volume         = "B867",
      year           = "2013",
      pages          = "244-289",
      doi            = "10.1016/j.nuclphysb.2012.10.003",
      eprint         = "1207.1303",
      archivePrefix  = "arXiv",
      primaryClass   = "hep-ph",
      reportNumber   = "EDINBURGH-2012-08, IFUM-FT-997, FR-PHENO-2012-014,
                        RWTH-TTK-12-25, CERN-PH-TH-2012-037, SFB-CPP-12-47",
      SLACcitation   = "%%CITATION = ARXIV:1207.1303;%%"
}