@book{fut-lhc-shedule,
      author        = "Apollinari, G and Béjar Alonso, I and Brüning, O and
                       Lamont, M and Rossi, L",
      title         = "{High-Luminosity Large Hadron Collider (HL-LHC):
                       Preliminary Design Report}",
      publisher     = "CERN",
      address       = "Geneva",
      series        = "CERN Yellow Reports: Monographs",
      year          = "2015",
      url           = "https://cds.cern.ch/record/2116337",
}

@techreport{dibjet-cms,
      title         = "{Search for Heavy Resonances Decaying into bb and bg Final
                       States in pp Collisions at sqrt(s) =  8 TeV}",
      institution   = "CERN",
      collaboration = "CMS",
      address       = "Geneva",
      number        = "CMS-PAS-EXO-12-023",
      year          = "2013",
      reportNumber  = "CMS-PAS-EXO-12-023",
      url           = "https://cds.cern.ch/record/1542405",
}

@article{fut-diphoton,
      author         = "Aaboud, Morad and others",
      title          = "{Search for new phenomena in high-mass diphoton final
                        states using 37 fb$^{-1}$ of proton--proton collisions
                        collected at $\sqrt{s}=13$ TeV with the ATLAS detector}",
      collaboration  = "ATLAS",
      journal        = "Phys. Lett.",
      volume         = "B775",
      year           = "2017",
      pages          = "105-125",
      doi            = "10.1016/j.physletb.2017.10.039",
      eprint         = "1707.04147",
      archivePrefix  = "arXiv",
      primaryClass   = "hep-ex",
      reportNumber   = "CERN-EP-2017-132",
      SLACcitation   = "%%CITATION = ARXIV:1707.04147;%%"
}
