@article{dibjet-cdf,
   %author = {{Abe}, F. and {Akimoto}, H. and {Akopian}, A. and {Albrow}, M.~G. and 
   %	{Amadon}, A. and {Amendolia}, S.~R. and {Amidei}, D. and {Antos}, J. and 
   %	{Aota}, S. and {Apollinari}, G. and et al.},	
  collaboration= {"CDF"},
    title = "{Search for New Particles Decaying to bb{\macr} in pp{\macr} Collisions at {\surd}s = 1.8 TeV}",
  journal = {Physical Review Letters},
   eprint = {hep-ex/9809022},
     year = 1999,
    month = mar,
   volume = 82,
    pages = {2038-2043},
      doi = {10.1103/PhysRevLett.82.2038},
   adsurl = {http://adsabs.harvard.edu/abs/1999PhRvL..82.2038A},
  adsnote = {Provided by the SAO/NASA Astrophysics Data System}
}

@article{dijet-cms,
      author         = "Sirunyan, Albert M and others",
      title          = "{Search for dijet resonances in protonâ€“proton
                        collisions at $\sqrt{s}$ = 13 TeV and constraints on dark
                        matter and other models}",
      collaboration  = "CMS",
      journal        = "Phys. Lett.",
      volume         = "B769",
      year           = "2017",
      pages          = "520-542",
      doi            = "10.1016/j.physletb.2017.09.029,
                        10.1016/j.physletb.2017.02.012",
      note           = "[Erratum: Phys. Lett.B772,882(2017)]",
      eprint         = "1611.03568",
      archivePrefix  = "arXiv",
      primaryClass   = "hep-ex",
      reportNumber   = "CMS-EXO-16-032, CERN-EP-2016-277",
      SLACcitation   = "%%CITATION = ARXIV:1611.03568;%%"
}