@article{lim-syst_lumi,
      author        = "ATLAS Collaboration",
      title         = "{Luminosity determination in pp collisions at $\sqrt{s}$ =
                       8 TeV using the ATLAS detector at the LHC}",
      journal       = "Eur. Phys. J. C",
      collaboration = "ATLAS Collaboration",
      number        = "arXiv:1608.03953. CERN-EP-2016-117. 12",
      volume        = "76",
      pages         = "653. 71 p",
      month         = "Aug",
      year          = "2016",
      reportNumber  = "arXiv:1608.03953",
      url           = "https://cds.cern.ch/record/2208146",
      note          = "Comments: 53 pages plus author list + cover pages (71
                       pages total), 19 figures, 9 tables, submitted to EPJC, All
                       figures including auxiliary figures are available at
                       http://atlas.web.cern.ch/Atlas/GROUPS/PHYSICS/PAPERS/DAPR-2013-01",
}