 @article{dijet-CDF_3par,
      author         = "Abe, F. and others",
      title          = "{Search for new particles decaying to dijets in
                        $p\bar{p}$ collisions at $\sqrt{s} = 1.8$ TeV}",
      collaboration  = "CDF",
      journal        = "Phys. Rev. Lett.",
      volume         = "74",
      year           = "1995",
      pages          = "3538-3543",
      doi            = "10.1103/PhysRevLett.74.3538",
      eprint         = "hep-ex/9501001",
      archivePrefix  = "arXiv",
      primaryClass   = "hep-ex",
      reportNumber   = "FERMILAB-PUB-94-405-E",
      SLACcitation   = "%%CITATION = HEP-EX/9501001;%%"
}

@article{dijet-CDF_4par,
      author         = "Aaltonen, T. and others",
      title          = "{Search for new particles decaying into dijets in
                        proton-antiproton collisions at s**(1/2) = 1.96-TeV}",
      collaboration  = "CDF",
      journal        = "Phys. Rev.",
      volume         = "D79",
      year           = "2009",
      pages          = "112002",
      doi            = "10.1103/PhysRevD.79.112002",
      eprint         = "0812.4036",
      archivePrefix  = "arXiv",
      primaryClass   = "hep-ex",
      reportNumber   = "FERMILAB-PUB-08-572-E",
      SLACcitation   = "%%CITATION = ARXIV:0812.4036;%%"
}

@techreport{dijet-mori16_int,
      author        = "Akesson, Torsten Paul Ake and Ashkenazi, Adi and Bauce,
                       Matteo and Bawa, Harinder Singh and Beresford, Lydia and
                       Bilbao De Mendizabal, Javier and Bossio Sola, Jonathan
                       David and Boveia, Antonio and Bryngemark, Lene and Clark,
                       Brian Lee and Dandoy, Jeffrey Rogers and Davies, Merlin and
                       Doglioni, Caterina and Facini, Gabriel John and Frate,
                       Meghan and Frost, James and Fullana Torregrosa, Esteban and
                       Guescini, Francesco and Huffman, Todd Brian and Issever,
                       Cigdem and Koren, Guy and Lopez Mateos, David and Malaescu,
                       Bogdan and Marceca, Gino and Messina, Andrea and Pachal,
                       Katherine and Pilcher, James and Schramm, Steven and
                       Starovoitov, Pavel and Ulbricht, Jaryd Franklin and
                       Vanadia, Marco and Whiteson, Daniel and Zhang, Dengfeng and
                       Zhou, Ning and Hubacek, Zdenek and Strom, David and Allen,
                       Benjamin William and Grud, Christopher and Sekhon, Karishma
                       and Zhu, Junjie and Amidei, Dante Eric and Searcy, Jacob
                       and Huth, John and Piegaia, Ricardo",
      title         = "{Search for New Phenomena in Dijet Events with the ATLAS
                       Detector at $\sqrt{s}=$13 $\rm TeV$}",
      institution   = "CERN",
      address       = "Geneva",
      number        = "ATL-PHYS-INT-2015-013",
      month         = "Sep",
      year          = "2015",
      reportNumber  = "ATL-PHYS-INT-2015-013",
      url           = "https://cds.cern.ch/record/2055246",
}