@misc{theo-atomism,
  author = {Sylvia Berryman},
  title = {Ancient Atomism},
  year = 2005,
  note = {\href{https://plato.stanford.edu/archives/fall2008/entries/atomism-ancient/}},
  urldate = {05-10-2017}
}

@article{theo-rutherford,
author = {Professor   E.   Rutherford   F.R.S.},
title = {LXXIX. The scattering of α and β particles by matter and the structure of the atom},
journal = {Philosophical Magazine},
volume = {21},
number = {125},
pages = {669-688},
year  = {1911},
publisher = {Taylor & Francis},
doi = {10.1080/14786440508637080},
URL = {http://dx.doi.org/10.1080/14786440508637080},
eprint = {http://dx.doi.org/10.1080/14786440508637080}
}
